
@book{groves,
	edition = {2},
	title = {Principles of {GNSS}, Inertial, and Multisensor Integrated Navigation Systems},
	isbn = {978-1-60807-005-3},
	pagetotal = {800},
	publisher = {Artech House},
	author = {Groves, Paul},
	keywords = {{TAN}, inertial navigation, kf, dissertation},
	file = {Groves - Principles of GNSS, Inertial, and Multisensor Inte.pdf:/home/james/snap/zotero-snap/common/Zotero/storage/7UE7B7A9/Groves - Principles of GNSS, Inertial, and Multisensor Inte.pdf:application/pdf},
}
@techreport{wgs84,
  author    = {{National Geospatial-Intelligence Agency}},
  title     = {Department of Defense World Geodetic System 1984: Its Definition and Relationships with Local Geodetic Systems},
  institution = {National Geospatial-Intelligence Agency},
  year      = {2014}, % Or the year of the specific version/publication you are referring to
  number    = {NGA.STND.0036_1.0.0_WGS84}, % Example of a standard number, adjust if a different one is appropriate
  address   = {Springfield, VA},
  note      = {The specific version and publication date can vary. Check the NGA website for the most current or relevant document for your application.}
}
@misc{wmm,
  author    = {{NOAA NCEI Geomagnetic Modeling Team and British Geological Survey}},
  title     = {World Magnetic Model 2025},
  year      = {2024},
  publisher = {NOAA National Centers for Environmental Information},
  doi       = {10.25921/aqfd-sd83},
  url       = {https://www.ncei.noaa.gov/products/world-magnetic-model}
}
@misc{nav-types,
  author    = {Nordmoen, Jørgen and Feuerstein, Marco},
  title     = {nav-types},
  year      = {2022},
  url       = {https://github.com/nordmoen/nav-types}
}
@misc{nalgebra,
  author    = {Crozet, Sébastien and Bopp, Emilia},
  title     = {nalgebra},
  year      = {2024},
  url       = {https://github.com/nordmoen/nav-types}
}
